
@Book{knuth:84,
  author = 	 {Donald E. Knuth},
  title = 	 {The {\TeX} Book},
  publisher = 	 {Addison-Wesley},
  year = 	 {1984},
  edition = 	 {15th}
}

@InCollection{boulic:91,
  author = 	 {R. Boulic and O. Renault},
  title = 	 {3D Hierarchies for Animation},
  booktitle = 	 {New Trends in Animation and Visualization},
  publisher =    {John Wiley {\&} Sons ltd.},
  year = 	 {1991},
  editor = 	 {Nadia Magnenat-Thalmann and Daniel Thalmann}
}

@unpublished{vicky:17,
	author = {Vickyfisio},
	title  = {Hipercifose torácica e postura},
	note   = {Disponível em https://vickyfisio.com/postura-e-hipercifose-toracica/. Acesso em 21 ago. 2018.}
}

@unpublished{vidal:17,
	author = {André Vidal},
	title  = {Hipercifose Toráxica},
	year = {2014},
	note   = {Disponível em http://www.vidalsaude.com.br/patologias/toracica/hipercifose-toracica/ Acesso em 07 set. 2018.}
}

@unpublished{cru:17,
	author = {Rodrigo Gasparini},
	title  = {80\% das pessoas sofrem com dor nas costas, segundo OMS},
    publisher = {Cruzeiro do Sul},
    year = {2017},
	note   = {Disponível em <http://www2.jornalcruzeiro.com.br/materia/821128/80-das-pessoas-sofrem-com-dor-nas-costas-segundo-a-oms>. Acesso em 21 ago. 2018.}
}

@unpublished{ig:17,
	author = {Saúde IG},
	title  = {Dor nas costas é a líder em de afastamento no trabalho},
	year = {2017}
	note   = {Disponível em <https://saude.ig.com.br/minhasaude/dor-nas-costas-e-a-lider-de-afastamento-do-trabalho/n1596821675441.html>. Acesso em 21 ago. 2018.}
}

@unpublished{colorfy:17,
	author = {Colorfy},
	title  = {The world’s smartest Smart Shirt: 10ELEVEN9},
	year   = {2017},
	note   = {Disponível em https://www.kickstarter.com/projects/10eleven9/the-worlds-smartest-smart-shirt-10eleven9. Acesso em 21 ago. 2018.}
}

@unpublished{rubow:08,
	author = {E. Rubow},
	title  = {Posture Correction with Wearable Electronics},
	year   = {2008},
	note   = {Disponível em https://pdfs.semanticscholar.org/eef9/b2a36ce0594ebd4e595220faaf354c73a5e9.pdf. Acesso em 21 ago. 2018.}
}

